<collection xmlns="http://www.loc.gov/MARC21/slim"><record><leader>00770nam  2200253   450</leader><controlfield tag="001">1000</controlfield><controlfield tag="003">http://montalegre.opacnet.com/OPAC/default.aspx?ContentAreaControl=ShowRegHoldings.ascx&amp;RegNo=16662</controlfield><controlfield tag="005">20</controlfield><datafield tag="021" ind1=" " ind2=" "><subfield code="a">PT</subfield><subfield code="b">51184/92</subfield></datafield><datafield tag="095" ind1=" " ind2=" "><subfield code="a">PTBN00395377</subfield></datafield><datafield tag="100" ind1=" " ind2=" "><subfield code="a">19921105d1992    m  y0pory010305  ba</subfield></datafield><datafield tag="101" ind1="1" ind2=" "><subfield code="a">por</subfield></datafield><datafield tag="102" ind1=" " ind2=" "><subfield code="a">PT</subfield></datafield><datafield tag="105" ind1=" " ind2=" "><subfield code="a">y   z   000ay</subfield></datafield><datafield tag="106" ind1=" " ind2=" "><subfield code="a">r</subfield></datafield><datafield tag="200" ind1="1" ind2=" "><subfield code="a">Aurélia ou o sonho e a vida</subfield><subfield code="f">Gérard de Nerval</subfield><subfield code="g">trad., pref. e notas de José Caselas</subfield></datafield><datafield tag="210" ind1=" " ind2=" "><subfield code="a">Lisboa</subfield><subfield code="c">Usus</subfield><subfield code="d">1992</subfield></datafield><datafield tag="215" ind1=" " ind2=" "><subfield code="a">115, [1] p.</subfield><subfield code="d">21 cm</subfield></datafield><datafield tag="225" ind1="2" ind2=" "><subfield code="a">Hidra</subfield></datafield><datafield tag="675" ind1=" " ind2=" "><subfield code="a">840-34"18"</subfield><subfield code="v">BN</subfield><subfield code="z">por</subfield></datafield><datafield tag="700" ind1=" " ind2="1"><subfield code="a">Nerval</subfield><subfield code="b">Gérard de</subfield><subfield code="c">pseud.</subfield></datafield><datafield tag="702" ind1=" " ind2="1"><subfield code="a">Caselas</subfield><subfield code="b">José</subfield><subfield code="4">730</subfield></datafield><datafield tag="801" ind1=" " ind2="0"><subfield code="a">PT</subfield><subfield code="b">Biblioteca Municipal de Montalegre</subfield><subfield code="g">RPC</subfield></datafield><datafield tag="856" ind1=" " ind2=" "><subfield code="u">locateMedia.asp?cod=20060705162735&amp;ext=jpg</subfield><subfield code="z">CAPA</subfield></datafield><datafield tag="909" ind1="&#9;" ind2=" "><subfield code="a">1</subfield></datafield><datafield tag="966" ind1=" " ind2=" "><subfield code="a">0008918</subfield><subfield code="l">BMM</subfield><subfield code="s">SCG 821 NER aur</subfield></datafield></record></collection>